<record><leader>00000cas a22000007a 4500</leader><controlfield tag="001">27847114</controlfield><controlfield tag="008">930402d18941895cauwr ne      0    0eng d</controlfield><datafield ind1=" " ind2=" " tag="010"><subfield code="a">sn 93053086 </subfield></datafield><datafield ind1=" " ind2=" " tag="040"><subfield code="a">CNK</subfield><subfield code="b">eng</subfield><subfield code="c">CNK</subfield><subfield code="d">OCLCQ</subfield><subfield code="d">OCLCF</subfield><subfield code="d">OCLCO</subfield></datafield><datafield ind1="1" ind2=" " tag="029"><subfield code="a">AU@</subfield><subfield code="b">000020735330</subfield></datafield><datafield ind1=" " ind2=" " tag="042"><subfield code="a">msc</subfield></datafield><datafield ind1=" " ind2=" " tag="043"><subfield code="a">n-us-ca</subfield></datafield><datafield ind1="0" ind2="0" tag="245"><subfield code="a">Red Bluff weekly news.</subfield></datafield><datafield ind1=" " ind2=" " tag="260"><subfield code="a">Red Bluff, Calif. :</subfield><subfield code="b">J.F. Linthicum</subfield></datafield><datafield ind1=" " ind2=" " tag="300"><subfield code="a">v.</subfield></datafield><datafield ind1=" " ind2=" " tag="310"><subfield code="a">Weekly</subfield></datafield><datafield ind1="0" ind2=" " tag="362"><subfield code="a">Vol. 10, no. 6 (Feb. 10, 1894)-v. 10, no. 30 (Aug. 3, 1895).</subfield></datafield><datafield ind1=" " ind2="0" tag="651"><subfield code="a">Red Bluff (Calif.)</subfield><subfield code="v">Newspapers.</subfield></datafield><datafield ind1=" " ind2="7" tag="655"><subfield code="a">Newspapers.</subfield><subfield code="2">fast</subfield><subfield code="0">(OCoLC)fst01423814</subfield></datafield><datafield ind1=" " ind2="7" tag="651"><subfield code="a">California</subfield><subfield code="z">Red Bluff.</subfield><subfield code="2">fast</subfield><subfield code="0">(OCoLC)fst01215515</subfield></datafield><datafield ind1=" " ind2=" " tag="752"><subfield code="a">United States</subfield><subfield code="b">California</subfield><subfield code="c">Tehama</subfield><subfield code="d">Red Bluff.</subfield></datafield><datafield ind1="0" ind2=" " tag="775"><subfield code="t">Daily Red Bluff news</subfield><subfield code="w">(DLC)sn 95062261</subfield></datafield><datafield ind1="0" ind2="0" tag="780"><subfield code="t">Weekly Red Bluff news</subfield><subfield code="w">(DLC)sn 93053085</subfield></datafield><datafield ind1="0" ind2="0" tag="785"><subfield code="t">Red Bluff news (Red Bluff, Calif. : 1895)</subfield><subfield code="w">(DLC)sn 93053087</subfield></datafield></record>